@inproceedings{bengio2009curriculum,
  title={{Curriculum learning}},
  author={Bengio, Yoshua and Louradour, J{\'e}r{\^o}me and Collobert, Ronan and Weston, Jason},
  booktitle={Proceedings of the 26th Annual International Conference on Machine Learning},
  pages={41--48},
  year={2009},
  organization={ACM}
}

@article{becerra2021motivational,
  title={{Motivational engine and long-term memory coupling within a cognitive architecture for lifelong open-ended learning}},
  author={Becerra, Jos{\'e} Antonio and Romero, Alejandro and Bellas, Francisco and Duro, Richard J},
  journal={Neurocomputing},
  volume={452},
  pages={341--354},
  year={2021},
  publisher={Elsevier}
}

@article{bengio2013representation,
  title={{Representation learning: A review and new perspectives}},
  author={Bengio, Yoshua and Courville, Aaron and Vincent, Pascal},
  journal={IEEE transactions on pattern analysis and machine intelligence},
  volume={35},
  number={8},
  pages={1798--1828},
  year={2013},
  publisher={IEEE}
}

@article{blaes2019control,
  title={Control what you can: Intrinsically motivated task-planning agent},
  author={Blaes, Sebastian and Vlastelica Pogan{\v{c}}i{\'c}, Marin and Zhu, Jiajie and Martius, Georg},
  journal={Advances in Neural Information Processing Systems},
  volume={32},
  year={2019}
}

@book{braitenberg1986vehicles,
  title={{Vehicles: Experiments in synthetic psychology}},
  author={Braitenberg, Valentino},
  year={1986},
  publisher={MIT press}
}

@article{brooks1986,
  title={{A robust layered control system for a mobile robot}},
  author={Brooks, Rodney A},
  journal={IEEE Journal of Robotics and Automation},
  volume={2},
  number={1},
  pages={14--23},
  year={1986},
  publisher={IEEE}
}

@article{caruana1997multitask,
  title={{Multitask learning}},
  author={Caruana, Rich},
  journal={Machine learning},
  volume={28},
  number={1},
  pages={41--75},
  year={1997},
  publisher={Springer}
}

@article{Celaya2005ReinforcementLF,
author = {Porta, Josep M. and Celaya, Enric},
title = {{Reinforcement Learning for Agents with Many Sensors and Actuators Acting in Categorizable Environments}},
year = {2005},
publisher = {AI Access Foundation},
journal={Journal of artificial intelligence research},
volume = {23},
number = {1},
pages = {79–122},
numpages = {44},
}

@inProceedings{chang04mind,
 author = {Paul H. Chang and Kuang-Tai Chen and Yu-Hung Chien and Edward Kao and Von-Wun Soo},
 title = {{From reality to mind: A cognitive Middle Layer of Environment Concepts for Believable Agents}},
 editor  = {Danny Weyns and H. Van Dyke Parunak and Fabien Michel},
 booktitle   = {Environments for Multi-Agent Systems, First International Workshop, E4MAS 2004, Revised Selected Papers},
 publisher = {Springer},
 series  = {LNAI},
 volume  = {3374},
 year   = {2005},
 location = {New York, USA},
 pages={57--73}
}

@article{choi2018evolution,
  title={{Evolution of the ICARUS cognitive architecture}},
  author={Choi, Dongkyu and Langley, Pat},
  journal={Cognitive Systems Research},
  volume={48},
  pages={25--38},
  year={2018},
  publisher={Elsevier}
}

@article{colas2020language,
  title={{Language as a cognitive tool to imagine goals in curiosity driven exploration}},
  author={Colas, C{\'e}dric and Karch, Tristan and Lair, Nicolas and Dussoux, Jean-Michel and Moulin-Frier, Cl{\'e}ment and Dominey, Peter and Oudeyer, Pierre-Yves},
  journal={Advances in Neural Information Processing Systems},
  volume={33},
  pages={3761--3774},
  year={2020}
}

@article{connor1994recurrent,
  title={{Recurrent neural networks and robust time series prediction}},
  author={Connor, Jerome T and Martin, R Douglas and Atlas, Les E},
  journal={IEEE transactions on neural networks},
  volume={5},
  number={2},
  pages={240--254},
  year={1994},
  publisher={IEEE}
}

@incollection{dev2015,
    author = {Cangelosi, Angelo and Schlesinger, Matthew},
    title = {{Growing Babies and Robots}},
    booktitle = "{Developmental Robotics: From Babies to Robots}",
    publisher = {The MIT Press},
  	pages={1--18},
    year = {2015},
    month = {01}
}

@article{dorigo1994robot,
  title={{Robot shaping: Developing autonomous agents through learning}},
  author={Dorigo, Marco and Colombetti, Marco},
  journal={Artificial intelligence},
  volume={71},
  number={2},
  pages={321--370},
  year={1994},
  publisher={Elsevier}
}

@article{elman1990finding,
  title={{Finding structure in time}},
  author={Elman, Jeffrey L},
  journal={Cognitive science},
  volume={14},
  number={2},
  pages={179--211},
  year={1990},
  publisher={Wiley Online Library}
}

@article{suro2024memory,
title = {Integration of memory systems supporting non-symbolic representations in an architecture for lifelong development of artificial agents},
journal = {Artificial Intelligence},
volume = {337},
pages = {104228},
year = {2024},
issn = {0004-3702},
doi = {https://doi.org/10.1016/j.artint.2024.104228},
url = {https://www.sciencedirect.com/science/article/pii/S0004370224001644},
author = {François Suro and Fabien Michel and Tiberiu Stratulat}
}

@misc{evoagents,
  author = {Suro, François},
  title = {{EvoAgents public repository}},
  howpublished = "\url{https://gite.lirmm.fr/suro/evoagents2020}",
  year = {2020 - 2022}}

@incollection{ferber04ocmas,
  author = {Jacques Ferber and Olivier Gutknecht and Fabien Michel},
  title = {{From Agents to Organizations: an Organizational View of Multi-Agent Systems}},
  booktitle = {Agent-Oriented Software Engineering IV},
  editor = {Paolo Giorgini and Jörg P. Müller and James Odell},
  series = {Lecture Notes in Computer Science},
  publisher = {Springer Berlin Heidelberg},
  year = {2004},
  volume = {2935},
  pages = {214--230},
}

@article{forestier2022intrinsically,
  title={Intrinsically motivated goal exploration processes with automatic curriculum learning},
  author={Forestier, S{\'e}bastien and Portelas, R{\'e}my and Mollard, Yoan and Oudeyer, Pierre-Yves},
  journal={The Journal of Machine Learning Research},
  volume={23},
  number={1},
  pages={6818--6858},
  year={2022},
  publisher={JMLRORG}
}

@article{gardenfors1990induction,
  title={{Induction, conceptual spaces and AI}},
  author={G{\"a}rdenfors, Peter},
  journal={Philosophy of Science},
  volume={57},
  number={1},
  pages={78--95},
  year={1990},
  publisher={Philosophy of Science Association}
}

@article{hess1959imprinting,
  title={Imprinting: an effect of early experience, imprinting determines later social behavior in animals},
  author={Hess, Eckhard H},
  journal={Science},
  volume={130},
  number={3368},
  pages={133--141},
  year={1959},
  publisher={American Association for the Advancement of Science}
}

@article{hester2017intrinsically,
  title={{Intrinsically motivated model learning for developing curious robots}},
  author={Hester, Todd and Stone, Peter},
  journal={Artificial Intelligence},
  volume={247},
  pages={170--186},
  year={2017},
  publisher={Elsevier}
}

@article{konidaris2018skills,
  title={{From skills to symbols: Learning symbolic representations for abstract high-level planning}},
  author={Konidaris, George and Kaelbling, Leslie Pack and Lozano-Perez, Tomas},
  journal={Journal of Artificial Intelligence Research},
  volume={61},
  pages={215--289},
  year={2018}
}

@inproceedings{larsen2005evolving,
  title={{Evolving composite robot behaviour-a modular architecture}},
  author={Larsen, Tobias and Hansen, S{\o}ren Tranberg},
  booktitle={Proceedings of the Fifth International Workshop on Robot Motion and Control, RoMoCo'05.},
  pages={271--276},
  year={2005},
  organization={IEEE}
}

@inproceedings{lessin2013open,
  title={{Open-ended behavioral complexity for evolved virtual creatures}},
  author={Lessin, Dan and Fussell, Don and Miikkulainen, Risto},
  booktitle={Proceedings of the 15th annual conference on Genetic and evolutionary computation},
  pages={335--342},
  year={2013}
}

@article{lukovsevivcius2009reservoir,
  title={{Reservoir computing approaches to recurrent neural network training}},
  author={Luko{\v{s}}evi{\v{c}}ius, Mantas and Jaeger, Herbert},
  journal={Computer Science Review},
  volume={3},
  number={3},
  pages={127--149},
  year={2009},
  publisher={Elsevier}
}

@article{lukovsevivcius2012reservoir,
  title={{Reservoir computing trends}},
  author={Luko{\v{s}}evi{\v{c}}ius, Mantas and Jaeger, Herbert and Schrauwen, Benjamin},
  journal={KI-K{\"u}nstliche Intelligenz},
  volume={26},
  number={4},
  pages={365--371},
  year={2012},
  publisher={Springer}
}

@article{lungarella2003developmental,
  title={{Developmental robotics: a survey}},
  author={Lungarella, Max and Metta, Giorgio and Pfeifer, Rolf and Sandini, Giulio},
  journal={Connection science},
  volume={15},
  number={4},
  pages={151--190},
  year={2003},
  publisher={Taylor \& Francis}
}

@article{maass2011liquid,
  title={{Liquid state machines: motivation, theory, and applications}},
  author={Maass, Wolfgang},
  journal={Computability in context: computation and logic in the real world},
  pages={275--296},
  year={2011},
  publisher={World Scientific}
}

@inproceedings{mao2019concept,
  author       = {Jiayuan Mao and
                  Chuang Gan and
                  Pushmeet Kohli and
                  Joshua B. Tenenbaum and
                  Jiajun Wu},
  title        = {{The Neuro-Symbolic Concept Learner: Interpreting Scenes, Words, and
                  Sentences From Natural Supervision}},
  booktitle    = {7th International Conference on Learning Representations, {ICLR} 2019,
                  New Orleans, LA, USA, May 6-9, 2019},
  publisher    = {OpenReview.net},
  year         = {2019}
}

@article{martin2019predicate,
  title={{Predicate learning in neural systems: using oscillations to discover latent structure}},
  author={Martin, Andrea E and Doumas, Leonidas AA},
  journal={Current Opinion in Behavioral Sciences},
  volume={29},
  pages={77--83},
  year={2019},
  publisher={Elsevier}
}

@misc{mindVideoTarget,
  author = {Suro, François and Ferber, Jacques and Stratulat, Tiberiu and Michel, Fabien},
  title = {{MIND: taget variable demo}},
  howpublished = "\url{https://hal.archives-ouvertes.fr/hal-02924783}",
  year = {2020}}

@misc{mindVideoTargetGP,
  author = {Suro, François and Ferber, Jacques and Stratulat, Tiberiu and Michel, Fabien},
  title = {{MIND: taget variable demo - genetic program version}},
  howpublished = "\url{https://hal.archives-ouvertes.fr/hal-03637119}",
  year = {2021}}

@misc{mindVideoCount,
  author = {Suro, François and Ferber, Jacques and Stratulat, Tiberiu and Michel, Fabien},
  title = {{MIND: count variable demo}},
  howpublished = "\url{https://hal.archives-ouvertes.fr/hal-02950608}",
  year = {2020}}

@article{Nagel1974What,
     ignoreISSN = {00318108, 15581470},
     URL = {http://www.jstor.org/stable/2183914},
     author = {Thomas Nagel},
     journal = {The Philosophical Review},
     number = {4},
     pages = {435--450},
     publisher = {[Duke University Press, Philosophical Review]},
     title = {What Is It Like to Be a Bat?},
     urldate = {2023-01-25},
     volume = {83},
     year = {1974}
}

@inproceedings{narvekar2016source,
  title={{Source task creation for curriculum learning}},
  author={Narvekar, Sanmit and Sinapov, Jivko and Leonetti, Matteo and Stone, Peter},
  too_long_booktitle={International Conference on Autonomous Agents \& Multiagent Systems},
  booktitle={AAMAS},
  pages={566--574},
  year={2016},
  organization={International Foundation for Autonomous Agents and Multiagent Systems}
}

@inproceedings{nuxoll1001extending,
  author       = {Andrew Nuxoll and
                  John E. Laird},
  title        = {{Extending Cognitive Architecture with Episodic Memory}},
  booktitle    = {Proceedings of the Twenty-Second {AAAI} Conference on Artificial Intelligence,
                  July 22-26, 2007, Vancouver, British Columbia, Canada},
  pages        = {1560--1564},
  publisher    = {{AAAI} Press},
  year         = {2007}
}

@article{oudeyer2007motivation,
    author  = "Pierre-Yves Oudeyer and Frederic Kaplan",
    title   = {{What is intrinsic motivation? A typology of computational approaches}},
    year    = "2007",
    journal = "Frontiers in Neurorobotics",
    volume  = "1",
    number  = "6"
}

@incollection{oudeyer2012developmental,
  title={{Developmental robotics}},
  author={Oudeyer, Pierre-Yves},
  booktitle={Encyclopedia of the Sciences of Learning},
  pages={969--972},
  year={2012},
  publisher={Springer}
}

@incollection{Oztop2020,
    title={{Lifelong Robot Learning}},
    author={Oztop, Erhan and Ugur, Emre},
    booktitle={Encyclopedia of Robotics},
    pages={1--12},
    year={2020},
    publisher={Springer Berlin Heidelberg}
}

@inproceedings{perez2017learning,
  title={{Learning collaborative foraging in a swarm of robots using embodied evolution}},
  author={P{\'e}rez, I{\~n}aki Fern{\'a}ndez and Boumaza, Amine and Charpillet, Fran{\c{c}}ois},
  booktitle={Artificial Life Conference Proceedings 14},
  pages={162--161},
  year={2017},
  organization={MIT Press}
}

@article{rodan2010minimum,
  title={{Minimum complexity echo state network}},
  author={Rodan, Ali and Tino, Peter},
  journal={IEEE transactions on neural networks},
  volume={22},
  number={1},
  pages={131--144},
  year={2010},
  publisher={IEEE}
}

@inproceedings{rucinski2011embodied,
  title={{An embodied developmental robotic model of interactions between numbers and space}},
  author={Rucinski, Marek and Cangelosi, Angelo and Belpaeme, Tony},
  booktitle={Proceedings of the Annual Meeting of the Cognitive Science Society},
  number={33},  
  pages={237--242},
  year={2011}
}

@inproceedings{rucinski2012robotic,
  title={{Robotic model of the contribution of gesture to learning to count}},
  author={Ruci{\'n}ski, Marek and Cangelosi, Angelo and Belpaeme, Tony},
  booktitle={IEEE International Conference on Development and Learning and Epigenetic Robotics (ICDL)},
  pages={1--6},
  year={2012},
  organization={IEEE}
}

@article{santucci2016grail,
  title={{Grail: a goal-discovering robotic architecture for intrinsically-motivated learning}},
  author={Santucci, Vieri Giuliano and Baldassarre, Gianluca and Mirolli, Marco},
  journal={IEEE Transactions on Cognitive and Developmental Systems},
  volume={8},
  number={3},
  pages={214--231},
  year={2016},
  publisher={IEEE}
}

@inproceedings{santucci2019autonomous,
  title={{Autonomous reinforcement learning of multiple interrelated tasks}},
  author={Santucci, Vieri Giuliano and Baldassarre, Gianluca and Cartoni, Emilio},
  booktitle={2019 Joint IEEE 9th international conference on development and learning and epigenetic robotics (ICDL-EpiRob)},
  pages={221--227},
  year={2019},
  organization={IEEE}
}

@inproceedings{Silva2013parameterized,
    author = {Da Silva, Bruno Castro and Konidaris, George and Barto, Andrew G.},
    title = {Learning Parameterized Skills},
    year = {2012},
    isbn = {9781450312851},
    publisher = {Omnipress},
    address = {Madison, WI, USA},
    booktitle = {Proceedings of the 29th International Coference on International Conference on Machine Learning},
    pages = {1443–1450},
    numpages = {8},
    location = {Edinburgh, Scotland},
    series = {ICML'12}
}

@article{stanley2004competitive,
  title={{Competitive coevolution through evolutionary complexification}},
  author={Stanley, Kenneth O and Miikkulainen, Risto},
  journal={Journal of artificial intelligence research},
  volume={21},
  pages={63--100},
  year={2004}
}

@article{steels1995self,
  title={{A self-organizing spatial vocabulary}},
  author={Steels, Luc},
  journal={Artificial life},
  volume={2},
  number={3},
  pages={319--332},
  year={1995}
}

@article{steels2005coordinating,
  title={{Coordinating perceptually grounded categories through language: A case study for colour}},
  author={Steels, Luc and Belpaeme, Tony and others},
  journal={Behavioral and brain sciences},
  volume={28},
  number={4},
  pages={469--488},
  year={2005},
  publisher={Cambridge University Press}
}

@article{steels2008symbol,
  title={{The symbol grounding problem has been solved, so what’s next}},
  author={Steels, Luc},
  journal={Symbols and embodiment: Debates on meaning and cognition},
  pages={223--244},
  year={2008},
  publisher={Oxford University Press Oxford}
}

@inproceedings{suro2020mindmas,
  author 	= {Suro, François and Ferber, Jacques and Stratulat, Tiberiu and Michel, Fabien},
  title     = {{{\'{E}}mergence de comportements collectifs bas{\'{e}}e sur l'apprentissage progressif individuel}},
  publisher = {JFSMA, C{\'{e}}padu{\`{e}}s},
  year      = {2020},
}

@article{suro2021mind,
    author = {Suro, François and Ferber, Jacques and Stratulat, Tiberiu and Michel, Fabien},
    year = {2021},
    month = {01},
    pages = {},
    title = {{A hierarchical representation of behaviour supporting open ended development and progressive learning for artificial agents}},
    journal = {Autonomous Robots}
}

@article{ten1999procedural,
  title={{Procedural and declarative knowledge: An evolutionary perspective}},
  author={Ten Berge, Timon and Van Hezewijk, Ren{\'e}},
  journal={Theory \& Psychology},
  volume={9},
  number={5},
  pages={605--624},
  year={1999},
  publisher={Sage Publications Sage CA: Thousand Oaks, CA}
}

@article{vandenbroucke2014accurate,
  title={{Accurate metacognition for visual sensory memory representations}},
  author={Vandenbroucke, Annelinde RE and Sligte, Ilja G and Barrett, Adam B and Seth, Anil K and Fahrenfort, Johannes J and Lamme, Victor AF},
  journal={Psychological science},
  volume={25},
  number={4},
  pages={861--873},
  year={2014},
  publisher={Sage Publications Sage CA: Los Angeles, CA}
}

@article{yi2018neural,
  title={{Neural-symbolic vqa: Disentangling reasoning from vision and language understanding}},
  author={Yi, Kexin and Wu, Jiajun and Gan, Chuang and Torralba, Antonio and Kohli, Pushmeet and Tenenbaum, Josh},
  journal={Advances in neural information processing systems},
  volume={31},
  year={2018}
}

@article{moravec1988mind,
  title={Mind Children: The Future of Robot and Human Intelligence},
  author={Moravec, Hans},
  journal={Harvard UP},
  year={1988}
}

@article{Heess16,
  author    = {Nicolas Heess and
               Gregory Wayne and
               Yuval Tassa and
               Timothy P. Lillicrap and
               Martin A. Riedmiller and
               David Silver},
  title     = {Learning and Transfer of Modulated Locomotor Controllers},
  journal   = {CoRR},
  volume    = {abs/1610.05182},
  year      = {2016},
  eprint    = {1610.05182},
}

@article{botvinick2019reinforcement,
  title={Reinforcement learning, fast and slow},
  author={Botvinick, Matthew and Ritter, Sam and Wang, Jane X and Kurth-Nelson, Zeb and Blundell, Charles and Hassabis, Demis},
  journal={Trends in cognitive sciences},
  volume={23},
  number={5},
  pages={408--422},
  year={2019},
  publisher={Elsevier}
}

@article{parisi2019continual,
  title={Continual lifelong learning with neural networks: A review},
  author={Parisi, German I and Kemker, Ronald and Part, Jose L and Kanan, Christopher and Wermter, Stefan},
  journal={Neural networks},
  volume={113},
  pages={54--71},
  year={2019},
  publisher={Elsevier}
}

@article{kirkpatrick2017overcoming,
  title={Overcoming catastrophic forgetting in neural networks},
  author={Kirkpatrick, James and Pascanu, Razvan and Rabinowitz, Neil and Veness, Joel and Desjardins, Guillaume and Rusu, Andrei A and Milan, Kieran and Quan, John and Ramalho, Tiago and Grabska-Barwinska, Agnieszka and others},
  journal={Proceedings of the national academy of sciences},
  volume={114},
  number={13},
  pages={3521--3526},
  year={2017},
  publisher={National Acad Sciences}
}

@article{higgins2017beta,
  title={beta-vae: Learning basic visual concepts with a constrained variational framework.},
  author={Higgins, Irina and Matthey, Loic and Pal, Arka and Glorot, Xavier and Mohamed, Shakir and Lerchner, Alexander}
}

@article{rusu2016progressive,
  title={Progressive neural networks},
  author={Rusu, Andrei A and Rabinowitz, Neil C and Desjardins, Guillaume and Soyer, Hubert and Kirkpatrick, James and Kavukcuoglu, Koray and Pascanu, Razvan and Hadsell, Raia},
  journal={arXiv preprint arXiv:1606.04671},
  year={2016}
}

@article{arkin1997aura,
  title={AuRA: Principles and practice in review},
  author={Arkin, Ronald C and Balch, Tucker},
  journal={Journal of Experimental \& Theoretical Artificial Intelligence},
  volume={9},
  number={2-3},
  pages={175--189},
  year={1997},
  publisher={Taylor \& Francis}
}

@article{piaget1952origins,
  title={The origins of intelligence in children},
  author={Piaget, John},
  journal={International University},
  year={1952}
}

@article{baillargeon1987object,
  title={Object permanence in 3$1/2$-and 4$1/2$-month-old infants.},
  author={Baillargeon, Renee},
  journal={Developmental psychology},
  volume={23},
  number={5},
  pages={655},
  year={1987},
  publisher={American Psychological Association}
}

@article{langston2010development,
  title={Development of the spatial representation system in the rat},
  author={Langston, Rosamund F and Ainge, James A and Couey, Jonathan J and Canto, Cathrin B and Bjerknes, Tale L and Witter, Menno P and Moser, Edvard I and Moser, May-Britt},
  journal={Science},
  volume={328},
  number={5985},
  pages={1576--1580},
  year={2010},
  publisher={American Association for the Advancement of Science}
}

@article{kaldy2003identification,
  title={Identification of objects in 9-month-old infants: integrating ‘what’and ‘where’information},
  author={K{\'a}ldy, Zsuzsa and Leslie, Alan M},
  journal={Developmental Science},
  volume={6},
  number={3},
  pages={360--373},
  year={2003},
  publisher={Wiley Online Library}
}

@article{mnih2015human,
  title={Human-level control through deep reinforcement learning},
  author={Mnih, Volodymyr and Kavukcuoglu, Koray and Silver, David and Rusu, Andrei A and Veness, Joel and Bellemare, Marc G and Graves, Alex and Riedmiller, Martin and Fidjeland, Andreas K and Ostrovski, Georg and others},
  journal={nature},
  volume={518},
  number={7540},
  pages={529--533},
  year={2015},
  publisher={Nature Publishing Group UK London}
}

@article{schultz1997neural,
  title={A neural substrate of prediction and reward},
  author={Schultz, Wolfram and Dayan, Peter and Montague, P Read},
  journal={Science},
  volume={275},
  number={5306},
  pages={1593--1599},
  year={1997},
  publisher={American Association for the Advancement of Science}
}

@article{knudsen2004sensitive,
  title={Sensitive periods in the development of the brain and behavior},
  author={Knudsen, Eric I},
  journal={Journal of cognitive neuroscience},
  volume={16},
  number={8},
  pages={1412--1425},
  year={2004},
  publisher={MIT Press One Rogers Street, Cambridge, MA 02142-1209, USA journals-info~…}
}

@article{hensch2005critical,
  title={Critical period plasticity in local cortical circuits},
  author={Hensch, Takao K},
  journal={Nature Reviews Neuroscience},
  volume={6},
  number={11},
  pages={877--888},
  year={2005},
  publisher={Nature Publishing Group UK London}
}

@article{lungarella2002interplay,
  title={On the interplay between morphological, neural, and environmental dynamics: a robotic case study},
  author={Lungarella, Max and Berthouze, Luc},
  journal={Adaptive Behavior},
  volume={10},
  number={3-4},
  pages={223--241},
  year={2002},
  publisher={SAGE Publications}
}

@article{hubel1963receptive,
  title={Receptive fields of cells in striate cortex of very young, visually inexperienced kittens},
  author={Hubel, David H and Wiesel, Torsten N},
  journal={Journal of neurophysiology},
  volume={26},
  number={6},
  pages={994--1002},
  year={1963}
}

@article{werker1984cross,
  title={Cross-language speech perception: Evidence for perceptual reorganization during the first year of life},
  author={Werker, Janet F and Tees, Richard C},
  journal={Infant behavior and development},
  volume={7},
  number={1},
  pages={49--63},
  year={1984},
  publisher={Elsevier}
}

@article{bremner2012development,
  title={The development of multisensory representations of the body and of the space around the body},
  author={Bremner, Andrew J and Holmes, Nicholas P and Spence, Charles},
  journal={Multisensory development},
  pages={113--136},
  year={2012},
  publisher={Oxford University Press Oxford: United Kingdom}
}

@inproceedings{radford2021learning,
  title={Learning transferable visual models from natural language supervision},
  author={Radford, Alec and Kim, Jong Wook and Hallacy, Chris and Ramesh, Aditya and Goh, Gabriel and Agarwal, Sandhini and Sastry, Girish and Askell, Amanda and Mishkin, Pamela and Clark, Jack and others},
  booktitle={International conference on machine learning},
  pages={8748--8763},
  year={2021},
  organization={PMLR}
}

@article{aguiar2002developments,
  title={Developments in young infants' reasoning about occluded objects},
  author={Aguiar, Andr{\'e}a and Baillargeon, Ren{\'e}e},
  journal={Cognitive psychology},
  volume={45},
  number={2},
  pages={267--336},
  year={2002},
  publisher={Elsevier}
}

@article{spelke2001predictive,
  title={Predictive reaching for occluded objects by 6-month-old infants},
  author={Spelke, Elizabeth S and von Hofsten, Claes},
  journal={Journal of Cognition and Development},
  volume={2},
  number={3},
  pages={261--281},
  year={2001},
  publisher={Taylor \& Francis}
}

@article{kuhl2003foreign,
  title={Foreign-language experience in infancy: Effects of short-term exposure and social interaction on phonetic learning},
  author={Kuhl, Patricia K and Tsao, Feng-Ming and Liu, Huei-Mei},
  journal={Proceedings of the National Academy of Sciences},
  volume={100},
  number={15},
  pages={9096--9101},
  year={2003},
  publisher={National Acad Sciences}
}

@book{rochat2009infant,
  title={The infant's world},
  author={Rochat, Philippe and Rochat, Philippe},
  year={2009},
  publisher={Harvard University Press}
}

@article{josselyn2012infantile,
  title={Infantile amnesia: a neurogenic hypothesis},
  author={Josselyn, Sheena A and Frankland, Paul W},
  journal={Learning \& Memory},
  volume={19},
  number={9},
  pages={423--433},
  year={2012},
  publisher={Cold Spring Harbor Lab}
}

@article{gu2012optical,
  title={Optical controlling reveals time-dependent roles for adult-born dentate granule cells},
  author={Gu, Yan and Arruda-Carvalho, Maithe and Wang, Jia and Janoschka, Stephen R and Josselyn, Sheena A and Frankland, Paul W and Ge, Shaoyu},
  journal={Nature neuroscience},
  volume={15},
  number={12},
  pages={1700--1706},
  year={2012},
  publisher={Nature Publishing Group US New York}
}

@article{diamond1990developmental,
  title={Developmental time course in human infants and infant monkeys, and the neural bases of, inhibitory control in reaching a},
  author={Diamond, Adele},
  journal={Annals of the New York Academy of Sciences},
  volume={608},
  number={1},
  pages={637--676},
  year={1990},
  publisher={Wiley Online Library}
}

@article{fries2005mechanism,
  title={A mechanism for cognitive dynamics: neuronal communication through neuronal coherence},
  author={Fries, Pascal},
  journal={Trends in cognitive sciences},
  volume={9},
  number={10},
  pages={474--480},
  year={2005},
  publisher={Elsevier}
}

@article{uhlhaas2010developmental,
  title={Developmental changes in neuronal oscillations and synchrony: evidence for a late critical period},
  author={Uhlhaas, Peter J and Singer, Wolf J},
  journal={Proceedings of the Working Group on Human Neuroplasticity and Education},
  volume={117},
  pages={218--229},
  year={2010},
  publisher={The Pontifical Academy of Sciences Vatican City}
}

@article{needham2000improvements,
  title={Improvements in object exploration skills may facilitate the development of object segregation in early infancy},
  author={Needham, Amy},
  journal={Journal of Cognition and Development},
  volume={1},
  number={2},
  pages={131--156},
  year={2000},
  publisher={Taylor \& Francis}
}

@article{kirkham2002visual,
  title={Visual statistical learning in infancy: Evidence for a domain general learning mechanism},
  author={Kirkham, Natasha Z and Slemmer, Jonathan A and Johnson, Scott P},
  journal={Cognition},
  volume={83},
  number={2},
  pages={B35--B42},
  year={2002},
  publisher={Elsevier}
}

@article{bahrick2000intersensory,
  title={Intersensory redundancy guides attentional selectivity and perceptual learning in infancy.},
  author={Bahrick, Lorraine E and Lickliter, Robert},
  journal={Developmental psychology},
  volume={36},
  number={2},
  pages={190},
  year={2000},
  publisher={American Psychological Association}
}

@article{gunnar2007neurobiology,
  title={The neurobiology of stress and development},
  author={Gunnar, Megan and Quevedo, Karina},
  journal={Annu. Rev. Psychol.},
  volume={58},
  number={1},
  pages={145--173},
  year={2007},
  publisher={Annual Reviews}
}

@article{sommerville2005action,
  title={Action experience alters 3-month-old infants' perception of others' actions},
  author={Sommerville, Jessica A and Woodward, Amanda L and Needham, Amy},
  journal={Cognition},
  volume={96},
  number={1},
  pages={B1--B11},
  year={2005},
  publisher={Elsevier}
}

@article{sommerville2005pulling,
  title={Pulling out the intentional structure of action: the relation between action processing and action production in infancy},
  author={Sommerville, Jessica A and Woodward, Amanda L},
  journal={Cognition},
  volume={95},
  number={1},
  pages={1--30},
  year={2005},
  publisher={Elsevier}
}

@article{zhang2024vision,
  title={Vision-language models for vision tasks: A survey},
  author={Zhang, Jingyi and Huang, Jiaxing and Jin, Sheng and Lu, Shijian},
  journal={IEEE Transactions on Pattern Analysis and Machine Intelligence},
  year={2024},
  publisher={IEEE}
}

@article{von1985object,
  title={Object perception and object-directed reaching in infancy.},
  author={von Hofsten, Claes and Spelke, Elizabeth S},
  journal={Journal of Experimental Psychology: General},
  volume={114},
  number={2},
  pages={198},
  year={1985},
  publisher={American Psychological Association}
}

@inproceedings{bremner1990relations,
  title={Relations Between Perception and Action in Infancy},
  author={Bremner, JG},
  booktitle={Sensory-Motor Organizations and Development in Infancy and Early Childhood: Proceedings of the NATO Advanced Research Workshop on Sensory-Motor Organizations and Development in Infancy and Early Childhood Chateu de Rosey, France},
  pages={437--444},
  year={1990},
  organization={Springer}
}

@article{Bremner2000,
  title = {Developmental relationships between perception and action in infancy},
  volume = {23},
  ISSN = {0163-6383},
  url = {http://dx.doi.org/10.1016/S0163-6383(01)00058-3},
  DOI = {10.1016/s0163-6383(01)00058-3},
  number = {3–4},
  journal = {Infant Behavior and Development},
  publisher = {Elsevier BV},
  author = {Bremner,  J.Gavin},
  year = {2000},
  month = mar,
  pages = {567–582}
}

@misc{pfeifer2006body,
  title={How the body shapes the way we think: A New View of intelligence},
  author={Pfeifer, R},
  year={2006},
  publisher={MIT Press}
}

@inproceedings{graves2017automated,
  title={Automated curriculum learning for neural networks},
  author={Graves, Alex and Bellemare, Marc G and Menick, Jacob and Munos, Remi and Kavukcuoglu, Koray},
  booktitle={international conference on machine learning},
  pages={1311--1320},
  year={2017},
  organization={Pmlr}
}

@article{li2014neuroplasticity,
  title={Neuroplasticity as a function of second language learning: Anatomical changes in the human brain},
  author={Li, Ping and Legault, Jennifer and Litcofsky, Kaitlyn A},
  journal={Cortex},
  volume={58},
  pages={301--324},
  year={2014},
  publisher={Elsevier}
}

@article{werker2015critical,
  title={Critical periods in speech perception: new directions},
  author={Werker, Janet F and Hensch, Takao K},
  journal={Annual review of psychology},
  volume={66},
  number={1},
  pages={173--196},
  year={2015},
  publisher={Annual Reviews}
}

@article{achille2017critical,
  title={Critical learning periods in deep neural networks},
  author={Achille, Alessandro and Rovere, Matteo and Soatto, Stefano},
  journal={arXiv preprint arXiv:1711.08856},
  year={2017}
}

@article{dohare2024loss,
  title={Loss of plasticity in deep continual learning},
  author={Dohare, Shibhansh and Hernandez-Garcia, J Fernando and Lan, Qingfeng and Rahman, Parash and Mahmood, A Rupam and Sutton, Richard S},
  journal={Nature},
  volume={632},
  number={8026},
  pages={768--774},
  year={2024},
  publisher={Nature Publishing Group UK London}
}

@article{brohan2023rt,
  title={Rt-2: Vision-language-action models transfer web knowledge to robotic control},
  author={Brohan, Anthony and Brown, Noah and Carbajal, Justice and Chebotar, Yevgen and Chen, Xi and Choromanski, Krzysztof and Ding, Tianli and Driess, Danny and Dubey, Avinava and Finn, Chelsea and others},
  journal={arXiv preprint arXiv:2307.15818},
  year={2023}
}

@article{gale2004critical,
  title={Critical periods of brain growth and cognitive function in children},
  author={Gale, Catharine R and O’Callaghan, Finbar J and Godfrey, Keith M and Law, Catherine M and Martyn, Christopher N},
  journal={Brain},
  volume={127},
  number={2},
  pages={321--329},
  year={2004},
  publisher={Oxford University Press}
}

@article{dehaene2024perceptual,
  title={Perceptual awareness in human infants: What is the evidence?},
  author={Dehaene-Lambertz, Ghislaine},
  journal={Journal of Cognitive Neuroscience},
  volume={36},
  number={8},
  pages={1599--1609},
  year={2024},
  publisher={MIT Press 255 Main Street, 9th Floor, Cambridge, Massachusetts 02142, USA~…}
}

@incollection{cisneros2020critical,
  title={Critical periods of brain development},
  author={Cisneros-Franco, J Miguel and Voss, Patrice and Thomas, Maryse E and de Villers-Sidani, Etienne},
  booktitle={Handbook of clinical neurology},
  volume={173},
  pages={75--88},
  year={2020},
  publisher={Elsevier}
}

@book{vygotsky1978mind,
  title={Mind in society: The development of higher psychological processes},
  author={Vygotsky, Lev S},
  volume={86},
  year={1978},
  publisher={Harvard university press}
}

@book{erikson1963childhood,
  title={Childhood and society},
  author={Erikson, Erik Homburger},
  volume={2},
  year={1963},
  publisher={Norton New York}
}

@article{turkewitz1982limitations,
  title={Limitations on input as a basis for neural organization and perceptual development: A preliminary theoretical statement},
  author={Turkewitz, Gerald and Kenny, Patricia A},
  too_long_journal={Developmental Psychobiology: The Journal of the International Society for Developmental Psychobiology},
  journal={Developmental Psychobiology},
  volume={15},
  number={4},
  pages={357--368},
  year={1982},
  publisher={Wiley Online Library}
}

@inproceedings{islam2001new,
  title={A new weight freezing method for reducing training time in designing artificial neural networks},
  author={Islam, Mobarakol and Murase, K and others},
  booktitle={2001 IEEE International Conference on Systems, Man and Cybernetics. e-Systems and e-Man for Cybernetics in Cyberspace (Cat. No. 01CH37236)},
  volume={1},
  pages={341--346},
  year={2001},
  organization={IEEE}
}

@article{miao2025weight,
  title={Weight-freezing: A motor imagery inspired regularization approach for EEG classification},
  author={Miao, Zhengqing and Zhao, Meirong},
  journal={Biomedical Signal Processing and Control},
  volume={100},
  pages={107015},
  year={2025},
  publisher={Elsevier}
}

@article{suro2021hierarchical,
  title={A hierarchical representation of behaviour supporting open ended development and progressive learning for artificial agents},
  author={Suro, Fran{\c{c}}ois and Ferber, Jacques and Stratulat, Tiberiu and Michel, Fabien},
  journal={Autonomous Robots},
  volume={45},
  pages={245--264},
  year={2021},
  publisher={Springer}
}

@article{srivastava2014dropout,
  title={Dropout: a simple way to prevent neural networks from overfitting},
  author={Srivastava, Nitish and Hinton, Geoffrey and Krizhevsky, Alex and Sutskever, Ilya and Salakhutdinov, Ruslan},
  journal={The journal of machine learning research},
  volume={15},
  number={1},
  pages={1929--1958},
  year={2014},
  publisher={JMLR. org}
}

@article{lecun2015deep,
  title={Deep learning},
  author={LeCun, Yann and Bengio, Yoshua and Hinton, Geoffrey},
  journal={nature},
  volume={521},
  number={7553},
  pages={436--444},
  year={2015},
  publisher={Nature Publishing Group UK London}
}

@article{ho2016generative,
  title={Generative adversarial imitation learning},
  author={Ho, Jonathan and Ermon, Stefano},
  journal={Advances in neural information processing systems},
  volume={29},
  year={2016}
}

@article{lowe2017multi,
  title={Multi-agent actor-critic for mixed cooperative-competitive environments},
  author={Lowe, Ryan and Wu, Yi I and Tamar, Aviv and Harb, Jean and Pieter Abbeel, OpenAI and Mordatch, Igor},
  journal={Advances in neural information processing systems},
  volume={30},
  year={2017}
}

@inproceedings{ngiam2011multimodal,
  title={Multimodal deep learning.},
  author={Ngiam, Jiquan and Khosla, Aditya and Kim, Mingyu and Nam, Juhan and Lee, Honglak and Ng, Andrew Y and others},
  year={2011}
}

@article{levine2016end,
  title={End-to-end training of deep visuomotor policies},
  author={Levine, Sergey and Finn, Chelsea and Darrell, Trevor and Abbeel, Pieter},
  journal={Journal of Machine Learning Research},
  volume={17},
  number={39},
  pages={1--40},
  year={2016}
}

@article{takesian2013balancing,
  title={Balancing plasticity/stability across brain development},
  author={Takesian, Anne E and Hensch, Takao K},
  journal={Progress in brain research},
  volume={207},
  pages={3--34},
  year={2013},
  publisher={Elsevier}
}

@article{bruner1964course,
  title={The course of cognitive growth.},
  author={Bruner, Jerome S},
  journal={American psychologist},
  volume={19},
  number={1},
  pages={1},
  year={1964},
  publisher={American Psychological Association}
}

@article{squire1996structure,
  title={Structure and function of declarative and nondeclarative memory systems},
  author={Squire, Larry R and Zola, Stuart M},
  journal={Proceedings of the National Academy of Sciences},
  volume={93},
  number={24},
  pages={13515--13522},
  year={1996},
  publisher={National Acad Sciences}
}

@article{quam2018procedural,
  title={Procedural-memory, working-memory, and declarative-memory skills are each associated with dimensional integration in sound-category learning},
  author={Quam, Carolyn and Wang, Alisa and Maddox, W Todd and Golisch, Kimberly and Lotto, Andrew},
  journal={Frontiers in psychology},
  volume={9},
  pages={1828},
  year={2018},
  publisher={Frontiers Media SA}
}

@article{quamprocedural,
  title={Procedural-Memory, Working-Memory, and Declarative-Memory Skills Are Each Associated With Dimensional Integration in Sound-Category Learning},
  author={Quam, Carolyn and Wang, Alisa and Maddox, W Todd and Golisch, Kimberly},
  year={2018}
}

@article{pili2020contributions,
  title={Contributions of declarative and procedural memory to accuracy and automatization during second language practice},
  author={Pili-Moss, Diana and Brill-Schuetz, Katherine A and Faretta-Stutenberg, Mandy and Morgan-Short, Kara},
  journal={Bilingualism: Language and Cognition},
  volume={23},
  number={3},
  pages={639--651},
  year={2020},
  publisher={Cambridge University Press}
}

@article{pilicontributions,
  title={Contributions of declarative and procedural memory to accuracy and automatization during second language practice},
  author={Pili-Moss, Diana and Brill-Schuetz, Katherine A},
  year={2019}
}

@article{james2020statistical,
  title={Statistical learning for vocal sequence acquisition in a songbird},
  author={James, Logan S and Sun, Herie and Wada, Kazuhiro and Sakata, Jon T},
  journal={Scientific reports},
  volume={10},
  number={1},
  pages={2248},
  year={2020},
  publisher={Nature Publishing Group UK London}
}

@article{gobes2007birdsong,
  title={Birdsong memory: a neural dissociation between song recognition and production},
  author={Gobes, Sharon MH and Bolhuis, Johan J},
  journal={Current Biology},
  volume={17},
  number={9},
  pages={789--793},
  year={2007},
  publisher={Elsevier}
}

@article{noe2004action,
  title={Action in perception},
  author={No{\"e}, Alva},
  journal={Massachusetts Institute of Technology},
  year={2004}
}

@article{o2001sensorimotor,
  title={A sensorimotor account of vision and visual consciousness},
  author={O'regan, J Kevin and No{\"e}, Alva},
  journal={Behavioral and brain sciences},
  volume={24},
  number={5},
  pages={939--973},
  year={2001},
  publisher={Cambridge University Press}
}

@book{noe2009out,
  title={Out of our heads: Why you are not your brain, and other lessons from the biology of consciousness},
  author={No{\"e}, Alva},
  year={2009},
  publisher={Macmillan}
}

@article{howard2018universal,
  title={Universal language model fine-tuning for text classification},
  author={Howard, Jeremy and Ruder, Sebastian},
  journal={arXiv preprint arXiv:1801.06146},
  year={2018}
}

@article{han2015deep,
  title={Deep compression: Compressing deep neural networks with pruning, trained quantization and huffman coding},
  author={Han, Song and Mao, Huizi and Dally, William J},
  journal={arXiv preprint arXiv:1510.00149},
  year={2015}
}

@article{gerber2010developmental,
  title={Developmental milestones: motor development},
  author={Gerber, R Jason and Wilks, Timothy and Erdie-Lalena, Christine},
  journal={Pediatrics in review},
  volume={31},
  number={7},
  pages={267--277},
  year={2010},
  publisher={American Academy of Pediatrics}
}

@inproceedings{park2021toddler,
  title={Toddler-Guidance Learning: Impacts of Critical Period on Multimodal AI Agents},
  author={Park, Junseok and Park, Kwanyoung and Oh, Hyunseok and Lee, Ganghun and Lee, Minsu and Lee, Youngki and Zhang, Byoung-Tak},
  booktitle={Proceedings of the 2021 International Conference on Multimodal Interaction},
  pages={212--220},
  year={2021}
}

@article{casey2000structural,
  title={Structural and functional brain development and its relation to cognitive development},
  author={Casey, BJ and Giedd, Jay N and Thomas, Kathleen M},
  journal={Biological psychology},
  volume={54},
  number={1-3},
  pages={241--257},
  year={2000},
  publisher={Elsevier}
}

@article{curtis2003persistent,
  title={Persistent activity in the prefrontal cortex during working memory},
  author={Curtis, Clayton E and D'Esposito, Mark},
  journal={Trends in cognitive sciences},
  volume={7},
  number={9},
  pages={415--423},
  year={2003},
  publisher={Elsevier}
}

@inproceedings{stone2000layered,
  title={Layered learning},
  author={Stone, Peter and Veloso, Manuela},
  booktitle={European Conference on Machine Learning},
  pages={369--381},
  year={2000},
  organization={Springer}
}

@misc{lenneberg1967biological,
  title={Biological foundations of language},
  author={Lenneberg, Eric H},
  year={1967},
  publisher={Wiley}
}

@article{baillargeon1991object,
  title={Object permanence in young infants: Further evidence},
  author={Baillargeon, Ren{\'e}e and DeVos, Julie},
  journal={Child development},
  volume={62},
  number={6},
  pages={1227--1246},
  year={1991},
  publisher={Wiley Online Library}
}

@article{sejnowski1999book,
  title={The book of Hebb},
  author={Sejnowski, Terrence J},
  journal={Neuron},
  volume={24},
  number={4},
  pages={773--776},
  year={1999},
  publisher={Elsevier}
}

@article{cho2001head,
  title={Head direction, place, and movement correlates for cells in the rat retrosplenial cortex.},
  author={Cho, Jeiwon and Sharp, Patricia E},
  journal={Behavioral neuroscience},
  volume={115},
  number={1},
  pages={3},
  year={2001},
  publisher={American Psychological Association}
}

@article{clark2010impaired,
  title={Impaired head direction cell representation in the anterodorsal thalamus after lesions of the retrosplenial cortex},
  author={Clark, Benjamin J and Bassett, Joshua P and Wang, Sarah S and Taube, Jeffrey S},
  journal={Journal of Neuroscience},
  volume={30},
  number={15},
  pages={5289--5302},
  year={2010},
  publisher={Soc Neuroscience}
}

@article{de2022critical,
  title={A Critical Period for Robust Curriculum-Based Deep Reinforcement Learning of Sequential Action in a Robot Arm},
  author={De Kleijn, Roy and Sen, Deniz and Kachergis, George},
  journal={Topics in Cognitive Science},
  volume={14},
  number={2},
  pages={311--326},
  year={2022},
  publisher={Wiley Online Library}
}

@article{wang2024critical,
  title={A critical period for developing face recognition},
  author={Wang, Jinge and Cao, Runnan and Chakravarthula, Puneeth N and Li, Xin and Wang, Shuo},
  journal={Patterns},
  volume={5},
  number={2},
  year={2024},
  publisher={Elsevier}
}

@article{kreipe1983hurried,
  title={The Hurried Child: Growing Up Too Fast Too Soon},
  author={KREIPE, RICHARD},
  journal={American Journal of Diseases of Children},
  volume={137},
  number={2},
  pages={190--191},
  year={1983},
  publisher={American Medical Association}
}

@article{markram1997regulation,
  title={Regulation of synaptic efficacy by coincidence of postsynaptic APs and EPSPs},
  author={Markram, Henry and L{\"u}bke, Joachim and Frotscher, Michael and Sakmann, Bert},
  journal={Science},
  volume={275},
  number={5297},
  pages={213--215},
  year={1997},
  publisher={American Association for the Advancement of Science}
}

@inproceedings{DBLP:conf/jfsma/SouleJOTT24,
  author       = {Julien Soul{\'{e}} and
                  Jean{-}Paul Jamont and
                  Michel Occello and
                  Louis{-}Marie Traonouez and
                  Paul Th{\'{e}}ron},
  editor       = {S{\'{e}}bastien Picault},
  title        = {Une Approche bas{\'{e}}e sur l'Apprentissage par Renforcement
                  pour l'Ing{\'{e}}nierie Organisationelle d'un {SMA}},
  pages        = {119--128},
  publisher    = { JFSMA, C{\'{e}}padu{\`{e}}s},
  year         = {2024},
  
}

@article{melton1970situation,
  title={The situation with respect to the spacing of repetitions and memory},
  author={Melton, Arthur W},
  journal={Journal of Verbal Learning and Verbal Behavior},
  volume={9},
  number={5},
  pages={596--606},
  year={1970},
  publisher={Elsevier}
}

@article{blum2005ant,
  title={Ant colony optimization: Introduction and recent trends},
  author={Blum, Christian},
  journal={Physics of Life reviews},
  volume={2},
  number={4},
  pages={353--373},
  year={2005},
  publisher={Elsevier}
}

@inproceedings{gay2023intersubjectivity,
  author       = {Simon L. Gay and
                  Fran{\c{c}}ois Suro and
                  Olivier L. Georgeon and
                  Jean{-}Paul Jamont},
  title        = {An Affordance-Based Intersubjectivity Mechanism to Infer the Behaviour
                  of Other Agents},
  booktitle    = {Int Confo {ICDL}
                  },
  pages        = {403--408},
  publisher    = {{IEEE}},
  year         = {2023},
  url          = {https://doi.org/10.1109/ICDL55364.2023.10364476},
  doi          = {10.1109/ICDL55364.2023.10364476},
}

@book{turing2009computing,
  title={Computing machinery and intelligence},
  author={Turing, Alan M},
  year={2009},
  publisher={Springer}
}

@inproceedings{reynolds1987flocks,
  title={Flocks, herds and schools: A distributed behavioral model},
  author={Reynolds, Craig W},
  booktitle={Proceedings of the 14th annual conference on Computer graphics and interactive techniques},
  pages={25--34},
  year={1987}
}

@inbook{piaget1978formation,
  title={La formation du symbole chez l'enfant: imitation, jeu et r{\^e}ve, image et repr{\'e}sentation},
  author={Piaget, Jean},
  chapter = {VI},
  pages={153--178},
  year={1976},
  publisher={Delachaux et Niestlé}
}

@article{wang2021survey,
  title={A survey on curriculum learning},
  author={Wang, Xin and Chen, Yudong and Zhu, Wenwu},
  journal={IEEE transactions on pattern analysis and machine intelligence},
  volume={44},
  number={9},
  pages={4555--4576},
  year={2021},
  publisher={IEEE}
}

@article{FernndezLlorca2024AnIA,
  title={An interdisciplinary account of the terminological choices by EU policymakers ahead of the final agreement on the AI Act},
  author={David Fern{\'a}ndez-Llorca and Emilia G{\'o}mez and Ignacio S{\'a}nchez and Gabriele Mazzini},
  journal={Artificial Intelligence and Law},
  year={2024},
}

@article{brooks1989robot,
  title={A robot that walks; emergent behaviors from a carefully evolved network},
  author={Brooks, Rodney A},
  journal={Neural computation},
  volume={1},
  number={2},
  pages={253--262},
  year={1989},
  publisher={MIT Press}
}

@misc{archiveBehaviorOrganisms,
	author = {},
	title = {{T}he {B}ehavior {O}f {O}rganisms {A}n {E}xperimental : {B} {F} {S}kinner : {F}ree {D}ownload, {B}orrow, and {S}treaming : {I}nternet {A}rchive --- archive.org},
	howpublished = {\url{https://archive.org/details/in.ernet.dli.2015.191112}},
	year = {},
	note = {[Accessed 24-07-2025]},
}

@misc{archiveScienceHuman,
	author = {},
	title = {{S}cience and human behavior : {S}kinner, {B}. {F}. ({B}urrhus {F}rederic), 1904-1990 : {F}ree {D}ownload, {B}orrow, and {S}treaming : {I}nternet {A}rchive --- archive.org},
	howpublished = {\url{https://archive.org/details/sciencehumanbeha0000skin_p4g5}},
	year = {},
	note = {[Accessed 24-07-2025]},
}

@article{bongard2006resilient,
  title={Resilient machines through continuous self-modeling},
  author={Bongard, Josh and Zykov, Victor and Lipson, Hod},
  journal={Science},
  volume={314},
  number={5802},
  pages={1118--1121},
  year={2006},
  publisher={American Association for the Advancement of Science}
}

@article{jenkins1960effect,
  title={Effect of discrimination training on auditory generalization.},
  author={Jenkins, Herbert M and Harrison, Robert H},
  journal={Journal of Experimental Psychology},
  volume={59},
  number={4},
  pages={246},
  year={1960},
  publisher={American Psychological Association}
}

@article{niv2008dialogues,
  title={Dialogues on prediction errors},
  author={Niv, Yael and Schoenbaum, Geoffrey},
  journal={Trends in cognitive sciences},
  volume={12},
  number={7},
  pages={265--272},
  year={2008},
  publisher={Elsevier}
}

@article{fraser2019occasion,
  title={Occasion setting.},
  author={Fraser, Kurt M and Holland, Peter C},
  journal={Behavioral neuroscience},
  volume={133},
  number={2},
  pages={145},
  year={2019},
  publisher={American Psychological Association}
}

@article{piaget1937construction,
  title={La construction du r{\'e}el chez l'enfant.},
  author={Piaget, Jean},
  year={1937},
  publisher={Delachaux \& Niestl{\'e}}
}

@inproceedings{schmidhuber1991possibility,
  title={A possibility for implementing curiosity and boredom in model-building neural controllers},
  author={Schmidhuber, J{\"u}rgen},
  booktitle={Proc. of the international conference on simulation of adaptive behavior: From animals to animats},
  pages={222--227},
  year={1991}
}

@inproceedings{pathak2017curiosity,
  title={Curiosity-driven exploration by self-supervised prediction},
  author={Pathak, Deepak and Agrawal, Pulkit and Efros, Alexei A and Darrell, Trevor},
  booktitle={International conference on machine learning},
  pages={2778--2787},
  year={2017},
  organization={PMLR}
}

@article{meltzoff1998object,
  title={Object representation, identity, and the paradox of early permanence: Steps toward a new framework},
  author={Meltzoff, Andrew N and Moore, M Keith},
  journal={Infant behavior and development},
  volume={21},
  number={2},
  pages={201--235},
  year={1998},
  publisher={Elsevier}
}

@article{christensen2022cognitive,
  title={Cognitive control, intentions, and problem solving in skill learning},
  author={Christensen, Wayne and Bicknell, Kath},
  journal={Synthese},
  volume={200},
  number={6},
  pages={460},
  year={2022},
  publisher={Springer}
}

@article{forbus2017representation,
  title={Representation and computation in cognitive models},
  author={Forbus, Kenneth D and Liang, Chen and Rabkina, Irina},
  journal={Topics in cognitive science},
  volume={9},
  number={3},
  pages={694--718},
  year={2017},
  publisher={Wiley Online Library}
}

@article{schack2021mental,
  title={Mental representation and the cognitive architecture of skilled action},
  author={Schack, Thomas and Frank, Cornelia},
  journal={Review of Philosophy and Psychology},
  volume={12},
  number={3},
  pages={527--546},
  year={2021},
  publisher={Springer}
}

@article{kelleher1962review,
  title={A review of positive conditioned reinforcement 1},
  author={Kelleher, Roger T and Gollub, Lewis R},
  journal={Journal of the Experimental Analysis of behavior},
  volume={5},
  number={S4},
  pages={543--597},
  year={1962},
  publisher={Wiley Online Library}
}

@misc{williams1994conditioned,
  title={Conditioned reinforcement: Experimental and theoretical issues},
  author={Williams, Ben A},
  year={1994},
  publisher={Springer}
}

@article{bicknell2021embodied,
  title={Embodied intelligence and self-regulation in skilled performance: Or, two anxious moments on the static trapeze},
  author={Bicknell, Kath},
  journal={Review of Philosophy and Psychology},
  volume={12},
  number={3},
  pages={595--614},
  year={2021},
  publisher={Springer}
}
